@inproceedings{truong2015software,
  title={Software defined networking-based vehicular adhoc network with fog computing},
  author={Truong, Nguyen B and Lee, Gyu Myoung and Ghamri-Doudane, Yacine},
  booktitle={2015 IFIP/IEEE International Symposium on Integrated Network Management (IM)},
  pages={1202--1207},
  year={2015},
  organization={IEEE}
}
@inproceedings{awatade2016improved,
  title={Improved EAACK: develop secure intrusion detection system for MANETs using hybrid cryptography},
  author={Awatade, Sharad and Joshi, Shweta},
  booktitle={2016 International Conference on computing communication control and automation (ICCUBEA)},
  pages={1--4},
  year={2016},
  organization={IEEE}
}
@inproceedings{mohamad2015smart,
  title={Smart Home Security based on optimal wireless sensor network routing protocols},
  author={Mohamad, Omar Abdulwahabe and Hameed, Rasha Talal and {\c{T}}{\u{a}}pu{\c{s}}, Nicolae},
  booktitle={2015 7th International Conference on Electronics, Computers and Artificial Intelligence (ECAI)},
  pages={SSS--17},
  year={2015},
  organization={IEEE}
}
@inproceedings{banerjee2002minimum,
  title={Minimum energy paths for reliable communication in multi-hop wireless networks},
  author={Banerjee, Suman and Misra, Archan},
  booktitle={Proceedings of the 3rd ACM international symposium on Mobile ad hoc networking \& computing},
  pages={146--156},
  year={2002},
  organization={ACM}
}

